<?xml version="1.0" encoding="UTF-8"?><collection xmlns="http://www.loc.gov/MARC21/slim"><record><leader>00536nam--2200193-i-4500</leader><controlfield tag="001">000048691</controlfield><controlfield tag="002">20161230</controlfield><controlfield tag="005">20161230201047</controlfield><controlfield tag="008">060222s1000------------r-----000-0-rus-d</controlfield><datafield ind1=" " ind2=" " tag="040"><subfield code="a">IFIN-HH</subfield></datafield><datafield ind1=" " ind2=" " tag="041"><subfield code="a">rus</subfield></datafield><datafield ind1=" " ind2=" " tag="080"><subfield code="a">539(021)</subfield></datafield><datafield ind1="1" ind2=" " tag="100"><subfield code="a">Putilov, K.A</subfield></datafield><datafield ind1="1" ind2="0" tag="245"><subfield code="a">Kurs fiziki</subfield><subfield code="b">Tom iii optika. atomnaia fizika. iarednaia fizika</subfield><subfield code="c">K.a. putilov, v.a. fabrikant</subfield></datafield><datafield ind1=" " ind2=" " tag="260"><subfield code="a">Moskva</subfield><subfield code="b">Fiziko-matamaticeskoi Literaturi</subfield><subfield code="c">1960</subfield></datafield><datafield ind1=" " ind2=" " tag="300"><subfield code="a">634P</subfield></datafield><datafield ind1="1" ind2=" " tag="700"><subfield code="a">Fabrikant, V.A</subfield></datafield><datafield ind1=" " ind2=" " tag="852"><subfield code="a">76059</subfield><subfield code="c">539</subfield></datafield><datafield ind1=" " ind2=" " tag="CAT"><subfield code="a">Sys</subfield><subfield code="c">20111013</subfield><subfield code="h">154931</subfield></datafield></record></collection>